@inproceedings{shlezinger2019viterbinet,
  title={ViterbiNet: Symbol detection using a deep learning based Viterbi algorithm},
  author={Shlezinger, Nir and Eldar, Yonina C and Farsad, Nariman and Goldsmith, Andrea J},
  booktitle={2019 IEEE 20th International Workshop on Signal Processing Advances in Wireless Communications (SPAWC)},
  pages={1--5},
  year={2019},
  organization={IEEE}
}

