@inproceedings{shlezinger2019viterbinet,
  title={ViterbiNet: Symbol detection using a deep learning based Viterbi algorithm},
  author={Shlezinger, Nir and Eldar, Yonina C and Farsad, Nariman and Goldsmith, Andrea J},
  booktitle={2019 IEEE 20th International Workshop on Signal Processing Advances in Wireless Communications (SPAWC)},
  pages={1--5},
  year={2019},
  organization={IEEE}
}

@article{ng2000cs229,
  title={CS229 Lecture notes},
  author={Ng, Andrew},
  journal={CS229 Lecture notes},
  volume={1},
  number={1},
  year={2000}
}

@article{kingma2014adam,
  title={Adam: A method for stochastic optimization},
  author={Kingma, Diederik P and Ba, Jimmy},
  journal={arXiv preprint arXiv:1412.6980},
  year={2014}
}


@misc{shlezinger2020datadriven,
    title={Data-Driven Factor Graphs for Deep Symbol Detection},
    author={Nir Shlezinger and Nariman Farsad and Yonina C. Eldar and Andrea J. Goldsmith},
    year={2020},
    eprint={2002.00758},
    archivePrefix={arXiv},
    primaryClass={stat.ML}
}